@online{internetmuseum,
    author = "Jörgen Löwenfeldt",
    title = "Sammanfattningen: Den stora berättelsen om internets historia",
    url  = "https://www.internetmuseum.se/berattelsen-om-internets-historia/",
    addendum = "(hämtad: 11-09-2018)",
    keywords = "weeb"
}

@online{is,
    author = "Barry M. Leiner and Vinton G. Cerf and David D. Clark and Robert E. Kahn and Leonard Kleinrock and Daniel C. Lynch and Jon Postel and Larry G. Roberts and Stephen Wolff",
    title = "Brief History of the Internet",
    url  = "https://www.internetsociety.org/internet/history-internet/brief-history-internet/",
    addendum = "(hämtad: 4-09-2018)",
    keywords = "weeb"
}

@online{wikipedia,
    author = "Wikipedia kontributörer",
    title = "Internets historia",
    url  = "https://sv.wikipedia.org/wiki/Internets_historia",
    addendum = "(hämtad: 13-09-2018)",
    keywords = "weeb"
}

@online{koppar,
    author = "European Copper Institute",
    title = "Copper enables telecommunications",
    url  = "https://copperalliance.eu/about-copper/applications/telecommunications/",
    addendum = "(hämtad: 13-09-2018)",
    keywords = "weeb"
}